@book{oprisk,
  author = {Ellen Davis},
  year = {2005},
  title = {Operational Risk: Practical Approaches to Implementation},
  publisher = {RiskBooks}
}

@book{loss,
  author = {S.A. Klugman, H.H. Panjer, G.E. Willmot},
  year = {1998},
  title = {Loss Models from data to decisions},
  publisher = {John Wiley \& Sons}
}


@phdthesis{quant,
  title={Quantifying Operational Risks within Banks according to Basel II},
  author={M.R.A. Bakker},
  year={2004},
  school={TUDelft}
}

@misc{real,
  author = {Charles Zaiontz},
  title = {Real Statistics Using Excel},
  url = {https://real-statistics.com/},
  howpublished = {\url{https://real-statistics.com/}}
}


@misc{addins,
  author = {Robert B. Myerson},
  title = {Software Add-ins \- SIMTOOLS},
  url = {https://home.uchicago.edu/~rmyerson/addins.htm},
  howpublished = {\url{https://home.uchicago.edu/~rmyerson/addins.htm}}
}
